/home/nbouche/papers/2017_Bfield/Bfield_Collection_short.bib